% Encoding: UTF-8

@inproceedings{malathi2011cloud,
  title={Cloud computing concepts},
  author={Malathi, M},
  booktitle={2011 3rd International Conference on Electronics Computer Technology},
  volume={6},
  pages={236--239},
  year={2011},
  organization={IEEE}
}

@article{mell2011nist,
  title={The NIST definition of cloud computing},
  author={Mell, Peter and Grance, Tim and others},
  year={2011},
  publisher={Computer Security Division, Information Technology Laboratory, National~…},
urldate= {2021-04-09}
}

@article{Sullivan2015PAYG,
  author={Erin Sullivan},
  title={pay-as-you-go cloud computing (PAYG cloud computing)},
  url={https://searchstorage.techtarget.com/definition/pay-as-you-go-cloud-computing-PAYG-cloud-computing},
  year={2015},
  owner={Erin Sullivan},
urldate= {2021-04-09}
}
@article{MicrosoftAzurePrivateCloud,
  author={Microsoft},
  title={Wat is een privécloud?},
  year={2021},
  url={https://azure.microsoft.com/nl-nl/overview/what-is-a-private-cloud/},
urldate= {2021-04-16}
}
@article{goyal2014public,
  title={Public vs private vs hybrid vs community-cloud computing: a critical review},
  author={Goyal, Sumit},
  journal={International Journal of Computer Network and Information Security},
  volume={6},
  number={3},
  pages={20},
  year={2014},
  publisher={Modern Education and Computer Science Press}
}

 @misc{cbtnuggets_2019, 
 title={What are the Cloud Deployment Models?}, url={https://www.youtube.com/watch?v=X1qoKLL040A&amp;ab_channel=CBTNuggets}, 
 author={Bart Castle}, 
 year={2019},
urldate= {2021-04-16}
}
 
 @inproceedings{jimenez2013supporting,
  title={Supporting cloud deployment in the Guifi. net community network},
  author={Jim{\'e}nez, Javi and Baig, Roger and Escrich, Pau and Khan, Amin M and Freitag, Felix and Navarro, Leandro and Pietrosemoli, Ermanno and Zennaro, Marco and Payberah, Amir H and Vlassov, Vladimir},
  booktitle={Global Information Infrastructure Symposium-GIIS 2013},
  pages={1--3},
  year={2013},
  organization={IEEE}
}

@article{Boris2020hybrid,
  author={Boris Sacic},
  title={What Is a Hybrid Cloud?},
  url={https://itelligencegroup.com/cn/global-blog/what-is-a-hybrid-cloud/},
  year={2020},
  owner={Boris Sacic},
urldate= {2021-04-23}
}

@article{OracleSaaS,
  author={oracle},
  title={Wat is SaaS?},
  year={2021},
  journal={https://www.oracle.com/be-nl/applications/what-is-saas/},
urldate= {2021-04-23}
}


@article{mizitechinfo,
author = {mizitechinfo},
year = {2013},
title = {Cloud Computing : What You Need to Know? – Part 1 (The basic about Cloud Computing)},
url = {https://mizitechinfo.wordpress.com/2013/09/12/cloud-computing-what-you-need-to-know-part-1-the-basic-about-cloud-computing/},
urldate= {2021-04-16}
}

@article{RedhatAnsibleVault,
author = {RedHat, Inc.},
year = {2021},
title = {Encrypting content with Ansible Vault},
url = {https://docs.ansible.com/ansible/latest/user_guide/vault.html},
urldate= {2021-05-05}
}

@article{Tozzi2020,
author = {Chris Tozzi},
year = {2020},
title = {What is Secrets Sprawl & How to Avoid It with Secrets Management},
url = {https://www.conjur.org/blog/what-is-secrets-sprawl-how-to-avoid-it-with-secrets-management/},
urldate= {2021-05-04}
}

@article{Dadgar2018,
author = {Armon Dadgar},
year = {2018},
title = {Introduction to HashiCorp Vault with Armon Dadgar},
url = {https://www.youtube.com/watch?v=VYfl-DpZ5wM&ab_channel=HashiCorp},
urldate= {2021-05-04}
}

@article{Somerfield2015,
author = {Daniel Somerfield},
year = {2015},
title = {Daniel Somerfield - Turtles All the Way Down: Storing Secrets in the Cloud and the Data Center},
url = {https://danielsomerfield.github.io/turtles/},
urldate= {2021-05-04}
}

@article{Rayome2019,
author = {Alison DeNisco Rayome},
year = {2019},
title = {Ansible overtakes Chef and Puppet as the top cloud configuration management tool},
url = {https://www.techrepublic.com/article/ansible-overtakes-chef-and-puppet-as-the-top-cloud-configuration-management-tool/},
urldate= {2021-05-05}
}

@article{Coding2019,
author = {CodingPackets},
year = {2019},
title = {Ansible},
url = {https://codingpackets.com/code/ansible/},
urldate= {2021-05-05}
}

@article{RedHatAnsible2021,
author = {RedHat, Inc.},
year = {2021},
title = {How Ansible Works},
url = {https://www.ansible.com/overview/how-ansible-works},
urldate= {2021-05-05}
}


@article{Wehner2015,
author = {Joshua Wehner},
year = {2015},
title = {How to undo (almost) anything with Git},
url = {https://github.blog/2015-06-08-how-to-undo-almost-anything-with-git/},
urldate= {2021-05-05}
}

@article{ingerson80yet,
  title={Yet Another Markup Language (YAML) 1.0: Working Draft 01 Aug 2001. 2001.[Electronic resource]},
  author={Ingerson, B},
  journal={Mode of access: http://web.archive. org/web/20070217091403/http://yaml.org},
  volume={80}
}

@article{VugtYAML,
author = {Sander van Vugt},
title = {YAML (YAML Ain't Markup Language)},
url = {https://searchitoperations.techtarget.com/definition/YAML-YAML-Aint-Markup-Language},
urldate= {2021-05-05}
}

@article{Passi2018,
author = {Harpreet Passi},
title = {What is a Sniffing attack and How can you defend it?},
year = {2018},
url = {https://www.greycampus.com/blog/information-security/what-is-a-sniffing-attack-and-how-can-you-defend-it},
urldate= {2021-05-06}
}

@article{GB2018,
author = {Pavithra GB},
title = {Protecting Your Secrets with Ansible},
year = {2018},
month = {04},
day = {07},
url = {https://medium.com/@pavithra_38952/protecting-your-secrets-with-ansible-cac601a1a5ab},
urldate= {2021-05-06}
}

@article{Morris2020,
author = {Evan Morris},
title = {Top 6 Secrets Management Platforms for Enterprises},
year = {2020},
month = {12},
day = {08},
url = {https://www.datasciencecentral.com/profiles/blogs/top-6-secrets-management-platforms-for-enterprises},
urldate= {2021-05-07}
}

@article{Lugger2020,
author = {Anna Lugger},
title = {What is HashiCorp Vault and how does it work?
},
year = {2020},
month = {08},
day = {27},
url = {https://sensu.io/blog/what-is-hashicorp-vault-and-how-does-it-work},
urldate= {2021-05-07}
}

@inproceedings{duong2011cryptography,
  title={Cryptography in the web: The case of cryptographic design flaws in asp. net},
  author={Duong, Thai and Rizzo, Juliano},
  booktitle={2011 IEEE Symposium on Security and Privacy},
  pages={481--489},
  year={2011},
  organization={IEEE}
}

@article{ganatra2019,
author = {Himanshi Ganatra},
title = {Securing data through Azure IAM and access control
},
year = {2019},
month = {03},
day = {05},
url = {https://www.zensar.com/blogs/2019/03/securing-data-azure-iam-access-control/},
urldate= {2021-05-06}
}

@article{Majumder2019,
author = {Subhro Majumder},
title = {Azure Key Vault : Overview},
year = {2019},
month = {01},
day = {27},
url = {https://social.technet.microsoft.com/wiki/contents/articles/52480.azure-key-vault-overview.aspx},
urldate= {2021-05-08}
}

@article{Marczak2020,
author = {Adam Marczak},
title = {AZ-900 Episode 27 | Azure Key Vault | Secret, Key and Certificate Management},
year = {2020},
month = {10},
day = {21},
url = {https://www.youtube.com/watch?v=AA3yYg9Zq9w&ab_channel=AdamMarczak-AzureforEveryone},
urldate= {2021-05-08}
}

@article{Schoonen2021,
author = {Deborah Schoonen},
title = {1Password koopt SecretHub en lanceert nieuwe secret management tool},
year = {2021},
month = {04},
day = {14},
url = {https://itdaily.be/nieuws/security/1password-koopt-secrethub-over-en-lanceert-nieuwe-secret-management-tool/},
urldate= {2021-05-13}
}

@article{Senthil2021,
author = {Senthil Kumar Palanisamy},
title = {Creating Service Principal},
year = {2021},
month = {01},
day = {21},
url = {https://docs.atomicscope.com/docs/load-article/docs/creating-service-principal},
urldate= {2021-05-17}
}

@article{Shiner2021,
author = {Jeff Shiner},
title = {1Password koopt SecretHub en lanceert nieuwe secret management tool},
year = {2021},
month = {04},
day = {13},
url = {https://blog.1password.com/introducing-secrets-automation/},
urldate= {2021-05-13}
}

@article{Lundberg2021,
author = {Devin Lundberg},
title = {Open-sourcing Knox, a secret key management service},
year = {2016},
month = {05},
day = {06},
url = {https://medium.com/pinterest-engineering/open-sourcing-knox-a-secret-key-management-service-3ec3a47f5bb},
urldate= {2021-05-13}
}

@article{Lundberg20212,
author = {Devin Lundberg},
title = {Setting up Go and getting Knox in your Go environment},
year = {2017},
month = {01},
day = {04},
url = {https://github.com/pinterest/knox/wiki/Installation},
urldate= {2021-05-13}
}

@article{Confidant2021,
author = {Confidant},
title = {Confidant},
url = {https://lyft.github.io/confidant/contents.html},
urldate= {2021-05-13}
}

@article{wsl2021,
author = {whitewaterfoundry},
title = {What is WSL?},
url = {https://www.whitewaterfoundry.com/what-is-wsl},
urldate= {2021-05-24}
}

@article{azurekvplug,
author = {vyadh},
title = {Azure Key Vault TeamCity Plugin},
year = {2018},
month = {11},
day = {25},
url = {https://github.com/vyadh/teamcity-azure-keyvault-plugin},
urldate= {2021-05-27}
}

@WWW{azure,
title = {Microsoft Azure},
author = {Microsoft Azure},
year = {2021},
url = {https://azure.microsoft.com/nl-nl/},
urldate= {2021-05-27}
}

@WWW{vault,
title = {Hashicorp Vault},
author = {Hashicorp Vault},
year = {2021},
url = {https://www.vaultproject.io/},
urldate= {2021-05-27}
}
@WWW{teamcity,
title = {Jetbrains TeamCity},
author = {Jetbrains TeamCity},
year = {2021},
url = {https://www.jetbrains.com/teamcity/},
urldate= {2021-05-27}
}

@WWW{digicert,
title = {Digicert},
author = {Digicert},
year = {2021},
url = {https://www.digicert.com/},
urldate= {2021-05-27}
}

@Comment{jabref-meta: databaseType:biblatex;}
