% Encoding: UTF-8
@ARTICLE{Doll1954,
  author = {Doll, Richard and Hill, A Bradford},
  title = {The mortality of doctors in relation to their smoking habits: a preliminary
	report},
  journal = {British Medical Journal},
  year = {1954},
  volume = {328},
  pages = {1529-1533},
  number = {7455},
  owner = {jbuy519},
  timestamp = {2014.03.28}
}

@BOOK{Moore2002,
  title = {Introduction to the Practice of Statistics},
  publisher = {W. H. Freeman},
  year = {2002},
  author = {Moore, David and McCabe, George},
  owner = {jbuy519},
  timestamp = {2014.01.28}
}

@BOOK{Smits2011,
  title = {Onderzoek met SPSS en Excel},
  publisher = {Pearson Education},
  year = {2011},
  author = {Smits, Johan and Edens, Ronald},
  owner = {jbuy519},
  timestamp = {2014.01.23}
}

@article{alashhab2020impact,
  title={Impact of coronavirus pandemic crisis on technologies and cloud computing applications},
  author={Alashhab, Ziyad R and Anbar, Mohammed and Singh, Manmeet Mahinderjit and Leau, Yu-Beng and Al-Sai, Zaher Ali and Alhayjaâ€™a, Sami Abu},
  journal={Journal of Electronic Science and Technology},
  pages={100059},
  year={2020},
  publisher={Elsevier}
}

@book{hurwitz2020cloud,
  title={Cloud computing for dummies},
  author={Hurwitz, Judith S and Kirsch, Daniel},
  year={2020},
  publisher={John Wiley \& Sons}
}


@article{WouterCloudInvest2020,
  author={Wouter Hoeffnagel},
  urldate= {2021-01-03},
  title={Gartner: Investeringen in public cloud groeien komend jaar met achttien procent},
  url={https://executive-people.nl/661926/gartner-investeringen-in-public-cloud-groeien-komend-jaar-met-achttien-procent.html},
  year={2020},
  owner={Wouter Hoeffnagel},
  timestamp={2020.11.18}
}


@WWW{Hoffman2021,
  author={Barbara Hoffman},
  editor={Barbara Hoffman},
  title={Can You Keep a Secret? Your Secrets Management System Can},
  url={https://thycotic.com/company/blog/2021/03/04/secrets-management/},
  urldate= {2021-05-06},
  year={2021},
}

@WWW{Tozzi2020,
author = {Chris Tozzi},
editor = {Chris Tozzi},
year = {2020},
title = {What is Secrets Sprawl & How to Avoid It with Secrets Management},
url = {https://www.conjur.org/blog/what-is-secrets-sprawl-how-to-avoid-it-with-secrets-management/},
  urldate= {2021-05-06},
}

@WWW{thoughtworks2019,
author = {thoughtworks},
year = {2019},
  urldate= {2021-05-06},
title = {Secrets as a service},
url = {https://www.thoughtworks.com/radar/techniques/secrets-as-a-service}
}
@Comment{jabref-meta: databaseType:biblatex;}
